%YAML 1.1
%TAG !u! tag:unity3d.com,2011:
--- !u!1 &396080091071101053
GameObject:
  m_ObjectHideFlags: 0
  m_CorrespondingSourceObject: {fileID: 0}
  m_PrefabInstance: {fileID: 0}
  m_PrefabAsset: {fileID: 0}
  serializedVersion: 6
  m_Component:
  - component: {fileID: 3432079406992271611}
  - component: {fileID: 1906085093772010280}
  m_Layer: 0
  m_Name: Hexagon
  m_TagString: Untagged
  m_Icon: {fileID: 0}
  m_NavMeshLayer: 0
  m_StaticEditorFlags: 0
  m_IsActive: 1
--- !u!4 &3432079406992271611
Transform:
  m_ObjectHideFlags: 0
  m_CorrespondingSourceObject: {fileID: 0}
  m_PrefabInstance: {fileID: 0}
  m_PrefabAsset: {fileID: 0}
  m_GameObject: {fileID: 396080091071101053}
  m_LocalRotation: {x: 0, y: 0, z: 0, w: 1}
  m_LocalPosition: {x: 0, y: 0, z: 0}
  m_LocalScale: {x: 1, y: 1, z: 1}
  m_Children:
  - {fileID: 6054873368223983697}
  - {fileID: 5772818525418563860}
  - {fileID: 2614347971862659647}
  - {fileID: 3544635236925055896}
  m_Father: {fileID: 0}
  m_RootOrder: 0
  m_LocalEulerAnglesHint: {x: 0, y: 0, z: 0}
--- !u!114 &1906085093772010280
MonoBehaviour:
  m_ObjectHideFlags: 0
  m_CorrespondingSourceObject: {fileID: 0}
  m_PrefabInstance: {fileID: 0}
  m_PrefabAsset: {fileID: 0}
  m_GameObject: {fileID: 396080091071101053}
  m_Enabled: 1
  m_EditorHideFlags: 0
  m_Script: {fileID: 11500000, guid: 998336f51f6164a77939ca891cc7f257, type: 3}
  m_Name: 
  m_EditorClassIdentifier: 
  data:
    type: 5
    gridX: -1
    gridZ: -1
    height: -1
  hexRenderer: {fileID: 8818246995206631070}
--- !u!1 &1974247779913498242
GameObject:
  m_ObjectHideFlags: 0
  m_CorrespondingSourceObject: {fileID: 0}
  m_PrefabInstance: {fileID: 0}
  m_PrefabAsset: {fileID: 0}
  serializedVersion: 6
  m_Component:
  - component: {fileID: 5772818525418563860}
  - component: {fileID: 5544189792273539279}
  m_Layer: 0
  m_Name: TeleportationAnchor
  m_TagString: Untagged
  m_Icon: {fileID: 0}
  m_NavMeshLayer: 0
  m_StaticEditorFlags: 0
  m_IsActive: 0
--- !u!4 &5772818525418563860
Transform:
  m_ObjectHideFlags: 0
  m_CorrespondingSourceObject: {fileID: 0}
  m_PrefabInstance: {fileID: 0}
  m_PrefabAsset: {fileID: 0}
  m_GameObject: {fileID: 1974247779913498242}
  m_LocalRotation: {x: 0, y: 0, z: 0, w: 1}
  m_LocalPosition: {x: 0, y: 0, z: 0}
  m_LocalScale: {x: 1, y: 1, z: 1}
  m_Children: []
  m_Father: {fileID: 3432079406992271611}
  m_RootOrder: 1
  m_LocalEulerAnglesHint: {x: 0, y: 0, z: 0}
--- !u!114 &5544189792273539279
MonoBehaviour:
  m_ObjectHideFlags: 0
  m_CorrespondingSourceObject: {fileID: 0}
  m_PrefabInstance: {fileID: 0}
  m_PrefabAsset: {fileID: 0}
  m_GameObject: {fileID: 1974247779913498242}
  m_Enabled: 1
  m_EditorHideFlags: 0
  m_Script: {fileID: 11500000, guid: 7e2f4617667341945b5a7756e14b62d0, type: 3}
  m_Name: 
  m_EditorClassIdentifier: 
  m_InteractionManager: {fileID: 0}
  m_Colliders:
  - {fileID: 7764738453272411139}
  m_InteractionLayerMask:
    serializedVersion: 2
    m_Bits: 4294967295
  m_OnFirstHoverEnter:
    m_PersistentCalls:
      m_Calls: []
  m_OnHoverEnter:
    m_PersistentCalls:
      m_Calls: []
  m_OnHoverExit:
    m_PersistentCalls:
      m_Calls: []
  m_OnLastHoverExit:
    m_PersistentCalls:
      m_Calls: []
  m_OnSelectEnter:
    m_PersistentCalls:
      m_Calls: []
  m_OnSelectExit:
    m_PersistentCalls:
      m_Calls: []
  m_OnActivate:
    m_PersistentCalls:
      m_Calls: []
  m_OnDeactivate:
    m_PersistentCalls:
      m_Calls: []
  m_CustomReticle: {fileID: 0}
  m_TeleportationProvider: {fileID: 0}
  m_MatchOrientation: 0
  m_TeleportTrigger: 0
  m_TeleportAnchorTransform: {fileID: 6054873368223983697}
--- !u!1 &7364848984326316154
GameObject:
  m_ObjectHideFlags: 0
  m_CorrespondingSourceObject: {fileID: 0}
  m_PrefabInstance: {fileID: 0}
  m_PrefabAsset: {fileID: 0}
  serializedVersion: 6
  m_Component:
  - component: {fileID: 2614347971862659647}
  - component: {fileID: 5278383560960759235}
  - component: {fileID: 1712125452143721274}
  - component: {fileID: 4957346617043460332}
  m_Layer: 0
  m_Name: Cube
  m_TagString: Untagged
  m_Icon: {fileID: 0}
  m_NavMeshLayer: 0
  m_StaticEditorFlags: 0
  m_IsActive: 0
--- !u!4 &2614347971862659647
Transform:
  m_ObjectHideFlags: 0
  m_CorrespondingSourceObject: {fileID: 0}
  m_PrefabInstance: {fileID: 0}
  m_PrefabAsset: {fileID: 0}
  m_GameObject: {fileID: 7364848984326316154}
  m_LocalRotation: {x: 0, y: 0, z: 0, w: 1}
  m_LocalPosition: {x: 0, y: 0, z: 0}
  m_LocalScale: {x: 1, y: 1, z: 1}
  m_Children: []
  m_Father: {fileID: 3432079406992271611}
  m_RootOrder: 2
  m_LocalEulerAnglesHint: {x: 0, y: 0, z: 0}
--- !u!33 &5278383560960759235
MeshFilter:
  m_ObjectHideFlags: 0
  m_CorrespondingSourceObject: {fileID: 0}
  m_PrefabInstance: {fileID: 0}
  m_PrefabAsset: {fileID: 0}
  m_GameObject: {fileID: 7364848984326316154}
  m_Mesh: {fileID: 10202, guid: 0000000000000000e000000000000000, type: 0}
--- !u!23 &1712125452143721274
MeshRenderer:
  m_ObjectHideFlags: 0
  m_CorrespondingSourceObject: {fileID: 0}
  m_PrefabInstance: {fileID: 0}
  m_PrefabAsset: {fileID: 0}
  m_GameObject: {fileID: 7364848984326316154}
  m_Enabled: 1
  m_CastShadows: 1
  m_ReceiveShadows: 1
  m_DynamicOccludee: 1
  m_MotionVectors: 1
  m_LightProbeUsage: 1
  m_ReflectionProbeUsage: 1
  m_RayTracingMode: 2
  m_RenderingLayerMask: 1
  m_RendererPriority: 0
  m_Materials:
  - {fileID: 10303, guid: 0000000000000000f000000000000000, type: 0}
  m_StaticBatchInfo:
    firstSubMesh: 0
    subMeshCount: 0
  m_StaticBatchRoot: {fileID: 0}
  m_ProbeAnchor: {fileID: 0}
  m_LightProbeVolumeOverride: {fileID: 0}
  m_ScaleInLightmap: 1
  m_ReceiveGI: 1
  m_PreserveUVs: 0
  m_IgnoreNormalsForChartDetection: 0
  m_ImportantGI: 0
  m_StitchLightmapSeams: 1
  m_SelectedEditorRenderState: 3
  m_MinimumChartSize: 4
  m_AutoUVMaxDistance: 0.5
  m_AutoUVMaxAngle: 89
  m_LightmapParameters: {fileID: 0}
  m_SortingLayerID: 0
  m_SortingLayer: 0
  m_SortingOrder: 0
--- !u!65 &4957346617043460332
BoxCollider:
  m_ObjectHideFlags: 0
  m_CorrespondingSourceObject: {fileID: 0}
  m_PrefabInstance: {fileID: 0}
  m_PrefabAsset: {fileID: 0}
  m_GameObject: {fileID: 7364848984326316154}
  m_Material: {fileID: 0}
  m_IsTrigger: 0
  m_Enabled: 1
  serializedVersion: 2
  m_Size: {x: 1, y: 1, z: 1}
  m_Center: {x: 0, y: 0, z: 0}
--- !u!1001 &2177326397487018708
PrefabInstance:
  m_ObjectHideFlags: 0
  serializedVersion: 2
  m_Modification:
    m_TransformParent: {fileID: 3432079406992271611}
    m_Modifications:
    - target: {fileID: 5345862836083874437, guid: af3b12dee4f664219b5e8e6e8e0384b9,
        type: 3}
      propertyPath: m_LocalPosition.x
      value: 0
      objectReference: {fileID: 0}
    - target: {fileID: 5345862836083874437, guid: af3b12dee4f664219b5e8e6e8e0384b9,
        type: 3}
      propertyPath: m_LocalPosition.y
      value: -1
      objectReference: {fileID: 0}
    - target: {fileID: 5345862836083874437, guid: af3b12dee4f664219b5e8e6e8e0384b9,
        type: 3}
      propertyPath: m_LocalPosition.z
      value: 0
      objectReference: {fileID: 0}
    - target: {fileID: 5345862836083874437, guid: af3b12dee4f664219b5e8e6e8e0384b9,
        type: 3}
      propertyPath: m_LocalRotation.x
      value: -0.5
      objectReference: {fileID: 0}
    - target: {fileID: 5345862836083874437, guid: af3b12dee4f664219b5e8e6e8e0384b9,
        type: 3}
      propertyPath: m_LocalRotation.y
      value: 0.5
      objectReference: {fileID: 0}
    - target: {fileID: 5345862836083874437, guid: af3b12dee4f664219b5e8e6e8e0384b9,
        type: 3}
      propertyPath: m_LocalRotation.z
      value: 0.5
      objectReference: {fileID: 0}
    - target: {fileID: 5345862836083874437, guid: af3b12dee4f664219b5e8e6e8e0384b9,
        type: 3}
      propertyPath: m_LocalRotation.w
      value: 0.5
      objectReference: {fileID: 0}
    - target: {fileID: 5345862836083874437, guid: af3b12dee4f664219b5e8e6e8e0384b9,
        type: 3}
      propertyPath: m_RootOrder
      value: 0
      objectReference: {fileID: 0}
    - target: {fileID: 5345862836083874437, guid: af3b12dee4f664219b5e8e6e8e0384b9,
        type: 3}
      propertyPath: m_LocalEulerAnglesHint.x
      value: -90.00001
      objectReference: {fileID: 0}
    - target: {fileID: 5345862836083874437, guid: af3b12dee4f664219b5e8e6e8e0384b9,
        type: 3}
      propertyPath: m_LocalEulerAnglesHint.y
      value: 0
      objectReference: {fileID: 0}
    - target: {fileID: 5345862836083874437, guid: af3b12dee4f664219b5e8e6e8e0384b9,
        type: 3}
      propertyPath: m_LocalEulerAnglesHint.z
      value: 90
      objectReference: {fileID: 0}
    - target: {fileID: 8965268510916421782, guid: af3b12dee4f664219b5e8e6e8e0384b9,
        type: 3}
      propertyPath: m_Name
      value: hex_mesh
      objectReference: {fileID: 0}
    m_RemovedComponents:
    - {fileID: 8451761880911421822, guid: af3b12dee4f664219b5e8e6e8e0384b9, type: 3}
    - {fileID: 1351361338, guid: af3b12dee4f664219b5e8e6e8e0384b9, type: 3}
  m_SourcePrefab: {fileID: 100100000, guid: af3b12dee4f664219b5e8e6e8e0384b9, type: 3}
--- !u!4 &6054873368223983697 stripped
Transform:
  m_CorrespondingSourceObject: {fileID: 5345862836083874437, guid: af3b12dee4f664219b5e8e6e8e0384b9,
    type: 3}
  m_PrefabInstance: {fileID: 2177326397487018708}
  m_PrefabAsset: {fileID: 0}
--- !u!23 &8818246995206631070 stripped
MeshRenderer:
  m_CorrespondingSourceObject: {fileID: 7230492064649649226, guid: af3b12dee4f664219b5e8e6e8e0384b9,
    type: 3}
  m_PrefabInstance: {fileID: 2177326397487018708}
  m_PrefabAsset: {fileID: 0}
--- !u!64 &7764738453272411139 stripped
MeshCollider:
  m_CorrespondingSourceObject: {fileID: 8500138205143977687, guid: af3b12dee4f664219b5e8e6e8e0384b9,
    type: 3}
  m_PrefabInstance: {fileID: 2177326397487018708}
  m_PrefabAsset: {fileID: 0}
--- !u!1001 &3544635236925531932
PrefabInstance:
  m_ObjectHideFlags: 0
  serializedVersion: 2
  m_Modification:
    m_TransformParent: {fileID: 3432079406992271611}
    m_Modifications:
    - target: {fileID: 195790, guid: ded1d2e0d283d62428212702b4ed5f3f, type: 3}
      propertyPath: m_Name
      value: TeleportPoint
      objectReference: {fileID: 0}
    - target: {fileID: 463128, guid: ded1d2e0d283d62428212702b4ed5f3f, type: 3}
      propertyPath: m_LocalPosition.y
      value: -0.844
      objectReference: {fileID: 0}
    - target: {fileID: 476292, guid: ded1d2e0d283d62428212702b4ed5f3f, type: 3}
      propertyPath: m_LocalPosition.x
      value: 0
      objectReference: {fileID: 0}
    - target: {fileID: 476292, guid: ded1d2e0d283d62428212702b4ed5f3f, type: 3}
      propertyPath: m_LocalPosition.y
      value: 1.69
      objectReference: {fileID: 0}
    - target: {fileID: 476292, guid: ded1d2e0d283d62428212702b4ed5f3f, type: 3}
      propertyPath: m_LocalPosition.z
      value: 0
      objectReference: {fileID: 0}
    - target: {fileID: 476292, guid: ded1d2e0d283d62428212702b4ed5f3f, type: 3}
      propertyPath: m_LocalRotation.x
      value: 0
      objectReference: {fileID: 0}
    - target: {fileID: 476292, guid: ded1d2e0d283d62428212702b4ed5f3f, type: 3}
      propertyPath: m_LocalRotation.y
      value: 0
      objectReference: {fileID: 0}
    - target: {fileID: 476292, guid: ded1d2e0d283d62428212702b4ed5f3f, type: 3}
      propertyPath: m_LocalRotation.z
      value: 0
      objectReference: {fileID: 0}
    - target: {fileID: 476292, guid: ded1d2e0d283d62428212702b4ed5f3f, type: 3}
      propertyPath: m_LocalRotation.w
      value: 1
      objectReference: {fileID: 0}
    - target: {fileID: 476292, guid: ded1d2e0d283d62428212702b4ed5f3f, type: 3}
      propertyPath: m_RootOrder
      value: 3
      objectReference: {fileID: 0}
    - target: {fileID: 476292, guid: ded1d2e0d283d62428212702b4ed5f3f, type: 3}
      propertyPath: m_LocalScale.y
      value: 2
      objectReference: {fileID: 0}
    - target: {fileID: 2343894, guid: ded1d2e0d283d62428212702b4ed5f3f, type: 3}
      propertyPath: m_Enabled
      value: 0
      objectReference: {fileID: 0}
    - target: {fileID: 11464152, guid: ded1d2e0d283d62428212702b4ed5f3f, type: 3}
      propertyPath: hexagonBehavior
      value: 
      objectReference: {fileID: 1906085093772010280}
    - target: {fileID: 13671688, guid: ded1d2e0d283d62428212702b4ed5f3f, type: 3}
      propertyPath: m_Height
      value: 1
      objectReference: {fileID: 0}
    - target: {fileID: 13671688, guid: ded1d2e0d283d62428212702b4ed5f3f, type: 3}
      propertyPath: m_Center.y
      value: -0.84
      objectReference: {fileID: 0}
    - target: {fileID: 1596145730556768, guid: ded1d2e0d283d62428212702b4ed5f3f, type: 3}
      propertyPath: m_IsActive
      value: 0
      objectReference: {fileID: 0}
    - target: {fileID: 108714669993115786, guid: ded1d2e0d283d62428212702b4ed5f3f,
        type: 3}
      propertyPath: m_BoundingSphereOverride.x
      value: NaN
      objectReference: {fileID: 0}
    - target: {fileID: 108714669993115786, guid: ded1d2e0d283d62428212702b4ed5f3f,
        type: 3}
      propertyPath: m_BoundingSphereOverride.y
      value: 1.103e-42
      objectReference: {fileID: 0}
    - target: {fileID: 108714669993115786, guid: ded1d2e0d283d62428212702b4ed5f3f,
        type: 3}
      propertyPath: m_BoundingSphereOverride.w
      value: -1.6090933e+34
      objectReference: {fileID: 0}
    - target: {fileID: 108714669993115786, guid: ded1d2e0d283d62428212702b4ed5f3f,
        type: 3}
      propertyPath: m_BoundingSphereOverride.z
      value: 0
      objectReference: {fileID: 0}
    m_RemovedComponents: []
  m_SourcePrefab: {fileID: 100100000, guid: ded1d2e0d283d62428212702b4ed5f3f, type: 3}
--- !u!4 &3544635236925055896 stripped
Transform:
  m_CorrespondingSourceObject: {fileID: 476292, guid: ded1d2e0d283d62428212702b4ed5f3f,
    type: 3}
  m_PrefabInstance: {fileID: 3544635236925531932}
  m_PrefabAsset: {fileID: 0}
